<collection xmlns="http://www.loc.gov/MARC21/slim">
<record>
  <leader>00946nam0a22001931i 450 </leader>
  <controlfield tag="001">IT\ICCU\CNCE\071320</controlfield>
  <controlfield tag="005">20070712000000.0</controlfield>
  <datafield tag="012" ind1=" " ind2=" ">
    <subfield code="a">i.u, a,a, a,a, a,a. (C) 15.. (Q)</subfield>
    <subfield code="2">fei</subfield>
  </datafield>
  <datafield tag="100" ind1=" " ind2=" ">
    <subfield code="a">20070712f15011600    0itac0103    ba</subfield>
  </datafield>
  <datafield tag="101" ind1=" " ind2=" ">
    <subfield code="a">ITA</subfield>
    <subfield code="a">ITD</subfield>
  </datafield>
  <datafield tag="102" ind1=" " ind2=" ">
    <subfield code="a">IT</subfield>
  </datafield>
  <datafield tag="200" ind1="1" ind2=" ">
    <subfield code="a">Opera noua et diletteuole, doue si contengono ottaue bellissime alla siciliana, &amp; villanelle alla napolitana. Con vn ragionamento di dui amanti, che haueuano perduto il core. Aggiuntoui di nuouo vn lamento, che fa vn giouine, nel partirsi dalla sua diua,con la risposta di lei. Poste in luce per il capricioso Tallauini, tutte cose noue, belle, et sententiose</subfield>
  </datafield>
  <datafield tag="210" ind1=" " ind2=" ">
    <subfield code="d">\15..!</subfield>
  </datafield>
  <datafield tag="215" ind1=" " ind2=" ">
    <subfield code="a">\8! c.</subfield>
    <subfield code="d">8ʻ</subfield>
  </datafield>
  <datafield tag="700" ind1=" " ind2="0">
    <subfield code="a">Tallavini</subfield>
    <subfield code="3">IT\ICCU\CNCA\028555</subfield>
  </datafield>
  <datafield tag="712" ind1="0" ind2="2">
    <subfield code="a">s.n.</subfield>
    <subfield code="3">IT\ICCU\CNCT\000002</subfield>
    <subfield code="4">650</subfield>
  </datafield>
  <datafield tag="790" ind1=" " ind2="0">
    <subfield code="a">Capriccioso Tallavini</subfield>
    <subfield code="3">IT\ICCU\CNCA\028556</subfield>
    <subfield code="z">Tallavini</subfield>
  </datafield>
  <datafield tag="801" ind1=" " ind2="3">
    <subfield code="a">IT</subfield>
    <subfield code="b">ICCU</subfield>
    <subfield code="c">20201115</subfield>
  </datafield>
  <datafield tag="899" ind1=" " ind2=" ">
    <subfield code="a">Biblioteca Apostolica Vaticana. Citt ̉del Vaticano</subfield>
    <subfield code="1">EX0001</subfield>
    <subfield code="2">ZCV 01</subfield>
  </datafield>
</record>
</collection>
